

@article{Viegas:2008ew,
author = {Vi{\'e}gas, Fernanda B and Wattenberg, Martin},
title = {{TIMELINESTag clouds and the case for vernacular visualization}},
journal = {interactions},
year = {2008},
volume = {15},
number = {4},
pages = {49},
month = jul
}

@inproceedings{Rivadeneira:2007ge,
author = {Rivadeneira, A W and Gruen, Daniel M and Muller, Michael J and Millen, David R},
title = {{Getting our head in the clouds}},
booktitle = {the SIGCHI Conference},
year = {2007},
pages = {995},
publisher = {ACM Press},
address = {New York, New York, USA}
}

@book{LocarekJunge:2010cy,
editor = {Locarek-Junge, Hermann and Weihs, Claus},
title = {{Classification as a Tool for Research}},
publisher = {Springer Berlin Heidelberg},
year = {2010},
series = {Proceedings of the 11th IFCS Biennial Conference and 33rd Annual Conference of the Gesellschaft f{\"u}r Klassifikation e.V., Dresden, March 13-18, 2009},
address = {Berlin, Heidelberg}
}

@article{kaser2007tag,
author = {Kaser, Owen and Lemire, Daniel},
title = {{Tag-cloud drawing: Algorithms for cloud visualization}},
journal = {arXiv preprint cs/0703109},
year = {2007}
}

@inproceedings{Seifert:ha,
author = {Seifert, Christin and Kump, Barbara and Kienreich, Wolfgang and Granitzer, Gisela and Granitzer, Michael},
title = {{On the Beauty and Usability of Tag Clouds}},
booktitle = {2008 12th International Conference Information Visualisation (IV)},
pages = {17--25},
publisher = {IEEE}
}

@article{Strobelt:2012co,
author = {Strobelt, H and Spicker, M and Stoffel, A and Keim, D and Deussen, O},
title = {{Rolled-out Wordles: A Heuristic Method for Overlap Removal of 2D Data Representatives}},
journal = {Computer Graphics Forum},
year = {2012},
volume = {31},
number = {3pt3},
pages = {1135--1144},
month = jun
}

@article{Viegas:km,
author = {Viegas, F B and Wattenberg, M and Feinberg, J},
title = {{Participatory Visualization with Wordle}},
journal = {IEEE Transactions on Visualization and Computer Graphics},
volume = {15},
number = {6},
pages = {1137--1144}
}

@article{Wang:2018ji,
author = {Wang, Yunhai and Chu, Xiaowei and Bao, Chen and Zhu, Lifeng and Deussen, Oliver and Chen, Baoquan and Sedlmair, Michael},
title = {{EdWordle - Consistency-Preserving Word Cloud Editing.}},
journal = {IEEE Trans. Vis. Comput. Graph.},
year = {2018},
volume = {24},
number = {1},
pages = {647--656}
}

@inproceedings{Collins:cn,
author = {Collins, Christopher and Vi{\'e}gas, Fernanda B and Wattenberg, Martin},
title = {{Parallel Tag Clouds to explore and analyze faceted text corpora}},
booktitle = {2009 IEEE Symposium on Visual Analytics Science and Technology},
pages = {91--98},
publisher = {IEEE}
}

@article{BongshinLee:gz,
author = {Bongshin Lee and Riche, Nathalie Henry and Karlson, Amy K and Carpendale, Sheelash},
title = {{SparkClouds: Visualizing Trends in Tag Clouds}},
journal = {IEEE Transactions on Visualization and Computer Graphics},
volume = {16},
number = {6},
pages = {1182--1189}
}

@inproceedings{Cui:jj,
author = {Cui, Weiwei and Wu, Yingcai and Liu, Shixia and Wei, Furu and Zhou, Michelle X and Qu, Huamin},
title = {{Context preserving dynamic word cloud visualization}},
booktitle = {2010 IEEE Pacific Visualization Symposium (PacificVis)},
pages = {121--128},
publisher = {IEEE}
}

@article{Chi:gr,
author = {Chi, Ming-Te and Lin, Shih-Syun and Chen, Shiang-Yi and Lin, Chao-Hung and Lee, Tong-Yee},
title = {{Morphable Word Clouds for Time-Varying Text Data Visualization}},
journal = {IEEE Transactions on Visualization and Computer Graphics},
volume = {21},
number = {12},
pages = {1415--1426}
}

@article{Lim2016,
author = {Lim, Kar Wai and Buntine, Wray},
title = {{Bibliographic analysis on research publications using authors, categorical labels and the citation network}},
journal = {Machine Learning},
year = {2016},
volume = {103},
number = {2},
pages = {185--213},
month = may
}

@article{dosSantos:2004ck,
author = {dos Santos, Selan and Brodlie, Ken},
title = {{Gaining understanding of multivariate and multidimensional data through visualization}},
journal = {Computers {\&} Graphics},
year = {2004},
volume = {28},
number = {3},
pages = {311--325},
month = jun
}

@article{Isenberg:2016ika,
author = {Isenberg, Petra and Heimerl, Florian and Koch, Steffen and Isenberg, Tobias and Xu, Panpan and Stolper, Charles D and Sedlmair, Michael and Chen, Jian and Moller, Torsten and Stasko, John},
title = {{Vispubdata.org: A Metadata Collection About IEEE Visualization (VIS) Publications}},
journal = {IEEE Transactions on Visualization and Computer Graphics},
year = {2016},
volume = {23},
number = {9},
pages = {2199--2206},
month = oct
}

@article{Bostock:da,
author = {Bostock, M and Ogievetsky, V and Heer, J},
title = {{D{\textthreesuperior} Data-Driven Documents}},
journal = {IEEE Transactions on Visualization and Computer Graphics},
volume = {17},
number = {12},
pages = {2301--2309}
}

